@misc{whiteNoisePuissance,
        author = "Institute for Dynamics Systems and Control",
        title = "White Noise and Power Spectral Density",
        url = "http://www.idsc.ethz.ch/Courses/signals_and_systems/ArchiveFall10/lectureNotes8.pdf",
        urldate = "2014-05-26"
        howpublished = {Disponible sur \url{"http://www.idsc.ethz.ch/Courses/signals_and_systems/ArchiveFall10/lectureNotes8.pdf"}}
}

@book{Marple1987,
    author    = "S. Lawrence Marple Jr.",
    title     = "Digital Spectral Analysis with Applications",
    year      = "1987",
    publisher = "Prentice-Hall Inc"
}

@book{Picinbono1993,
    author  = "Bernard Picinbono",
    title   = "Signaux aléatoires - Tome 2 Fonctions aléatoires et modèles avec problèmes résolus",
    year    = "1993",
    publisher = "Dunod Université"
}

@book{Hermes1998,
    title   = "Les méthodes à haute résolution",
    year    = "1998",
    publisher = "HERMES"
}