@article{ntpv4rtp,
	author = "D, Mills and J, Martin",
	title = "Network Time Protocol Version 4: protocol and algorithm specification",
	journal = "Request for Comments RFC 5905",
	year = 2010,
	month = "Junho"
}

@misc {gpsdhowto,
  title = "GPSD Time Service HOWTO",
  author = "Gary E. Miller and  Eric S. Raymond",
  howpublished = {\url{http://www.catb.org/gpsd/gpsd-time-service-howto.html}},
  note = {Acessado em 08 de Novembro de 2016}
}

@misc {linuxpps,
  title = "LinuxPPS installation",
  howpublished = {\url{http://linuxpps.org/wiki/index.php/LinuxPPS_installation}},
  note = {Acessado em 08 de Novembro de 2016}
}

@misc {derek,
  title = "Writing a Linux Kernel Module â€” Part 1: Introduction",
  author = "Derek Molloy",
  howpublished = {\url{http://derekmolloy.ie/writing-a-linux-kernel-module-part-1-introduction/}},
  note = {Acessado em 12 de Abril de 2016}
}


@book {linuxlove,

	title = "Linux Kernel Development",
	author = "Robert Love",
	editor = "Addison-Wesley",
	edition = "3rd",
	publisher = "Pearson Education, Inc.",
	year = 2010
}

@misc{beast,
  title = "Best Ever Alarm System Toolkit",
  author = "Kay Kasemir and Xihui Chen and Katia Danilova",
  howpublished = {\url{http://www.aps.anl.gov/epics/meetings/2010-10/14/BEAST_EpicsMeeting2010.pdf}},
  note = {Acessado em 11 de Setembro de 2016}
}

@misc{archiver,
  title = "The EPICS Archiver Appliance",
  author = "Murali Shankar",
  howpublished = {\url{https://slacmshankar.github.io/epicsarchiver_docs/details.html}},
  note = {Acessado em 20 de Junho de 2016}
}

@Article{pcapac2016,
  author = 	 {S. Lescano and A. R. D. Rodrigues and E. P. Coelho and G. C. Pinton and J. G. R. S. Franco and P. H. Nallin},
  title = 	 {UVX Control System: An Approach With BeagleBone Black},
  journal =  {Personal Computers and Particle Accelerator Controls},
  year = 	 {2016}
}