@ONLINE{Intel:12,
author = {Intel},
title = {Pin 2.11 User Guide},
month = apr,
year = {2012},
url = {https://software.intel.com/sites/landingpage/pintool/docs/49306/Pin/html/}
}

@ONLINE{SPEC:11,
author = {SPEC},
title = {SPEC CPU2006: Read Me First},
month = sep,
year = {2011},
url = {https://www.spec.org/cpu2006/Docs/readme1st.html#Q1}
}