@Article{artigo,
  author = 	 {Raj Parihar and Michael C. Huang},
  title = 	 {Accelerating Decoupled Look-ahead via Weak Dependence Removal: A Metaheuristic Approach},
  journal =  {International Symposium on High Performance Computer Architecture},
  year = 	 {2014}
}

@Manual{sniper,
  title = 	 {The Sniper User Manual},
  author = 	 {Trevor E. Carison and Wim Heirman},  
  month = 	 {November},
  year = 	 {2013}
}
@Misc{interval,
  author = {Trevor E. Carison},
  title = 	 {Interval Simulation},
  howpublished = {\url{http://snipersim.org/w/Interval_Simulation}},
  year = 	 {2012},
  
}

@Unpublished{relatorio3,
  author = 	 {Gustavo Ciotto Pinton},
  title = 	 {Reprodução de um elemento de artigo},
  note = 	 {Relatório 3 apresentado na disciplina MO601},
  year = {2016}
}

@Unpublished{relatorio2,
  author = 	 {Gustavo Ciotto Pinton},
  title = 	 {Comparação do número de acessos à memória e TLB misses com páginas de 4KB ou 4MB},
  note = 	 {Relatório 2 apresentado na disciplina MO601},
  year = {2016}
}


@article{Henning:07,
author = {John L. Henning},
title = {SPEC CPU2006 Memory Footprint},
journal = {ACM SIGARCH Computer Architecture News},
year = {2007},
volume = 35
}