@Article{artigo,
  author = 	 {Raj Parihar and Michael C. Huang},
  title = 	 {Accelerating Decoupled Look-ahead via Weak Dependence Removal: A Metaheuristic Approach},
  journal =  {International Symposium on High Performance Computer Architecture},
  year = 	 {2014}
}

@Manual{sniper,
  title = 	 {The Sniper User Manual},
  author = 	 {Trevor E. Carison and Wim Heirman},  
  month = 	 {November},
  year = 	 {2013}
}
@Misc{interval,
  author = {Trevor E. Carison},
  title = 	 {Interval Simulation},
  howpublished = {\url{http://snipersim.org/w/Interval_Simulation}},
  year = 	 {2012},
  
}